@article{doi:10.1080/14786441308634955,
	author = {N. Bohr},
	title = {I. On the constitution of atoms and molecules },
	journal = {The London, Edinburgh, and Dublin Philosophical Magazine and Journal of Science},
	volume = {26},
	number = {151},
	pages = {1--25},
	year = {1913},
	publisher = {Taylor \& Francis},
	doi = {10.1080/14786441308634955},
	URL = {https://doi.org/10.1080/14786441308634955},
	eprint = {https://doi.org/10.1080/14786441308634955}
}

@article{doi:10.1080/14786441308634993,
	author = {N. Bohr},
	title = {XXXVII. On the constitution of atoms and molecules },
	journal = {The London, Edinburgh, and Dublin Philosophical Magazine and Journal of Science},
	volume = {26},
	number = {153},
	pages = {476--502},
	year = {1913},
	publisher = {Taylor \& Francis},
	doi = {10.1080/14786441308634993},
	URL = { https://doi.org/10.1080/14786441308634993},
	eprint = {https://doi.org/10.1080/14786441308634993}
}

@article{doi:10.1080/14786441308635031,
	author = {N. Bohr},
	title = {LXXIII. On the constitution of atoms and molecules },
	journal = {The London, Edinburgh, and Dublin Philosophical Magazine and Journal of Science},
	volume = {26},
	number = {155},
	pages = {857--875},
	year = {1913},
	publisher = {Taylor \& Francis},
	doi = {10.1080/14786441308635031},
	URL = {https://doi.org/10.1080/14786441308635031},
	eprint = {https://doi.org/10.1080/14786441308635031}
}

@book{bohr1985niels,
    title = {Niels Bohr: A Centenary Volume},
    author = {Bohr, N. and French, A.P. and Kennedy, P.J.},
    isbn = {9780674624160},
    lccn = {lc85008542},
    url = {https://books.google.com.tw/books?id=YfsoAQAAMAAJ},
    year = {1985},
    pages = {7},
    publisher = {Harvard University Press}
}

@article{https://doi.org/10.1002/andp.19163561702,
    author = {Sommerfeld, A.},
    title = {Zur Quantentheorie der Spektrallinien},
    journal = {Annalen der Physik},
    volume = {356},
    number = {17},
    pages = {1-94},
    doi = {https://doi.org/10.1002/andp.19163561702},
    url = {https://onlinelibrary.wiley.com/doi/abs/10.1002/andp.19163561702},
    eprint = {https://onlinelibrary.wiley.com/doi/pdf/10.1002/andp.19163561702},
    year = {1916}
}

@book{wilsonquantum,
    title={The Quantum-theory of Radiation and Line Spectra},
    author={Wilson, W.},
    series={Certain selected classic papers in quantum theory},
    url={https://books.google.com.tw/books?id=_hRMtwAACAAJ}
}

@article{Kuhn_1968, 
    title={Twentieth Century - The Old Quantum Theory. By D. ter Haar. Edited with a historical introduction. Pp. x + 206. Oxford: Pergamon Press, 1967. 21s.}, 
    volume={4}, DOI={10.1017/S0007087400003307}, 
    number={1}, 
    journal={The British Journal for the History of Science}, 
    author={Kuhn, Thomas S.}, 
    year={1968}, 
    pages={80–81}
}

@book{nielsen2013correspondence,
    title={The Correspondence Principle (1918 - 1923)},
    author={Nielsen, J.R.},
    isbn={9780080871011},
    series={ISSN},
    url={https://books.google.com.tw/books?id=GsrASF1L2U0C},
    year={2013},
    publisher={Elsevier Science}
}

@book{heisenberg1971physics,
    title={Physics and Beyond: Encounters and Conversations},
    author={Heisenberg, W.},
    isbn={9780061316227},
    lccn={78095963},
    series={Harper Torchbooks},
    url={https://books.google.com.tw/books?id=O-dEAAAAIAAJ},
    year={1971},
    publisher={Harper \& Row}
}

@Article{Heisenberg1925,
    author = {Heisenberg, W.},
    title = {{\"U}ber quantentheoretische Umdeutung kinematischer und mechanischer Beziehungen.},
    journal = {Zeitschrift f{\"u}r Physik},
    year = {1925},
    month = {Dec},
    day = {01},
    volume = {33},
    number = {1},
    pages = {879-893},
    abstract={In der Arbeit soll versucht werden, Grundlagen zu gewinnen f{\"u}r eine quantentheoretische Mechanik, die ausschlie{\ss}lich auf Beziehungen zwischen prinzipiell beobachtbaren Gr{\"o}{\ss}en basiert ist.},
    issn={0044-3328},
    doi={10.1007/BF01328377},
    url={https://doi.org/10.1007/BF01328377}
}

@book{schrodinger2003collected,
    title = {Collected Papers on Wave Mechanics},
    author = {Schr{\"o}dinger, E.},
    isbn = {9780821835241},
    lccn = {80070108},
    series = {AMS Chelsea Publishing Series},
    pages={1-40},
    url = {https://books.google.com.tw/books?id=8ZROAgAAQBAJ},
    year = {2003},
    publisher={AMS Chelsea Pub.}
}

@article{refId0,
    author = {{De Broglie, Louis}},
    title = {Recherches sur la théorie des Quanta},
    DOI= {10.1051/anphys/192510030022},
    url= {https://doi.org/10.1051/anphys/192510030022},
    journal = {Ann. Phys.},
    year = {1925},
    volume = {10},
    number = {3},
    pages = {22-128}
}

@article{PhysRev.28.1049,
    title = {An Undulatory Theory of the Mechanics of Atoms and Molecules},
    author = {Schr\"odinger, E.},
    journal = {Phys. Rev.},
    volume = {28},
    issue = {6},
    pages = {1049--1070},
    numpages = {0},
    year = {1926},
    month = {Dec},
    publisher = {American Physical Society},
    doi = {10.1103/PhysRev.28.1049},
    url = {https://link.aps.org/doi/10.1103/PhysRev.28.1049}
}




















